% references.bib


@article{lopes2021effects,
  title={The effects of star formation history in the SFR--M* relation of H ii galaxies},
  author={Lopes, Amanda R and Telles, Eduardo and Melnick, Jorge},
  journal={Monthly Notices of the Royal Astronomical Society},
  volume={500},
  number={3},
  pages={3240--3253},
  year={2021},
  publisher={Oxford University Press}
}

@article{york2000sloan,
  title={The sloan digital sky survey: Technical summary},
  author={York, Donald G and Adelman, Jennifer and Anderson Jr, John E and Anderson, Scott F and Annis, James and Bahcall, Neta A and Bakken, JA and Barkhouser, Robert and Bastian, Steven and Berman, Eileen and others},
  journal={The Astronomical Journal},
  volume={120},
  number={3},
  pages={1579},
  year={2000},
  publisher={IOP Publishing}
}

@techreport{fukugita1996sloan,
  title={The Sloan digital sky survey photometric system},
  author={Fukugita, M and Shimasaku, K and Ichikawa, T and Gunn, JE and others},
  year={1996},
  institution={SCAN-9601313}
}

@article{kennicutt1998star,
  title={Star formation in galaxies along the Hubble sequence},
  author={Kennicutt Jr, Robert C},
  journal={Annual Review of Astronomy and Astrophysics},
  volume={36},
  number={1},
  pages={189--231},
  year={1998},
  publisher={Annual Reviews 4139 El Camino Way, PO Box 10139, Palo Alto, CA 94303-0139, USA}
}

@misc{234Class72:online,
author = {{scikit-learn developers}},
  title = {2.3.4. Classification: Learning Labels of Astronomical Sources — scikit-learn 0.11-git documentation},
  url = "https://ogrisel.github.io/scikit-learn.org/sklearn-tutorial/tutorial/astronomy/classification.html",
year = {2011},
  note = "[Online; accessed 2025-04-22]"
}

@inproceedings{nadvornik2024hdf5,
  title={HDF5 Parallelization for Hierarchical Semi-Sparse Data Cubes},
  author={N{\'a}dvorn{\'\i}k, Jir{\'\i} and {\v{S}}koda, Petr and Tvrd{\'\i}k, Pavel},
  booktitle={Astronomical Society of the Pacific Conference Series},
  volume={535},
  pages={115},
  year={2024}
}

@misc{Rawdata46:online,
author = {{MPA Garching}},
  title = {Raw data},
  journal      = {MPA Garching Web Resource},
  url = "https://wwwmpa.mpa-garching.mpg.de/SDSS/DR7/raw_data.html",
month = {},
year = {2007},
  note = "[Online; accessed 2025-04-21]"
}

@article{SDSS_SFR_DOC,
  author       = {{MPA Garching}},
  title        = {SDSS DR7 SFR documentation},
  journal      = {MPA Garching Web Resource},
  year         = {2007},
  url          = {https://wwwmpa.mpa-garching.mpg.de/SDSS/DR7/sfrs.html}
}

@book{tennyson2019astronomical,
  title={Astronomical spectroscopy: An introduction to the atomic and molecular physics of astronomical spectroscopy},
  author={Tennyson, Jonathan},
  year={2019},
  publisher={World Scientific}
}

@misc{Spectros98:online,
author = {Space Telescope Science Institute},
  title = {Spectroscopy 101 – Types of Spectra and Spectroscopy | Webb},
  url = "https://webbtelescope.org/contents/articles/spectroscopy-101--types-of-spectra-and-spectroscopy?page=1&keyword=Stars",
year = {2022},
  note = "[Online; accessed 2025-04-22]"
}

@misc{SceneCla95:online,
author = {Jordan J. Bird},
  title = {Scene Classification: Images and Audio},
  url = "https://www.kaggle.com/datasets/birdy654/scene-classification-images-and-audio/",
year = {2020},
  note = "[Online; accessed 2025-04-21]"
}

@book{GonzalezWoods2008,
  title={Digital image processing},
  author={Gonzalez, Rafael C},
  year={2009},
  publisher={Pearson education india}
}

@article{Otsu1975,
  title={A threshold selection method from gray-level histograms},
  author={Otsu, Nobuyuki and others},
  journal={Automatica},
  volume={11},
  number={285-296},
  pages={23--27},
  year={1975}
}

@article{RosenfeldPfaltz1966,
  title={Sequential operations in digital picture processing},
  author={Rosenfeld, Azriel and Pfaltz, John L},
  journal={Journal of the ACM (JACM)},
  volume={13},
  number={4},
  pages={471--494},
  year={1966},
  publisher={ACM New York, NY, USA}
}

@article{Virtanen2020,
  title={SciPy 1.0: fundamental algorithms for scientific computing in Python},
  author={Virtanen, Pauli and Gommers, Ralf and Oliphant, Travis E and Haberland, Matt and Reddy, Tyler and Cournapeau, David and Burovski, Evgeni and Peterson, Pearu and Weckesser, Warren and Bright, Jonathan and others},
  journal={Nature methods},
  volume={17},
  number={3},
  pages={261--272},
  year={2020},
  publisher={Nature Publishing Group US New York}
}

@book{Hastie2009,
  title={The elements of statistical learning: data mining, inference, and prediction},
  author={Hastie, Trevor and Tibshirani, Robert and Friedman, Jerome H and Friedman, Jerome H},
  volume={2},
  year={2009},
  publisher={Springer}
}

@article{SimonyanZisserman2014,
  title={Very deep convolutional networks for large-scale image recognition},
  author={Simonyan, Karen and Zisserman, Andrew},
  journal={arXiv preprint arXiv:1409.1556},
  year={2014}
}

@inproceedings{Ke2017,
  title={Lightgbm: A highly efficient gradient boosting decision tree},
  author={Ke, Guolin and Meng, Qi and Finley, Thomas and Wang, Taifeng and Chen, Wei and Ma, Weidong and Ye, Qiwei and Liu, Tie-Yan},
  journal={Advances in neural information processing systems},
  volume={30},
  year={2017}
}

@incollection{Kohavi1995,
  title={A study of cross-validation and bootstrap for accuracy estimation and model selection},
  author={Kohavi, Ron and others},
  booktitle={Ijcai},
  volume={14},
  number={2},
  pages={1137--1145},
  year={1995},
  organization={Montreal, Canada}
}

@article{Pedregosa2011,
  title={Scikit-learn: Machine learning in Python},
  author={Pedregosa, Fabian and Varoquaux, Ga{\"e}l and Gramfort, Alexandre and Michel, Vincent and Thirion, Bertrand and Grisel, Olivier and Blondel, Mathieu and Prettenhofer, Peter and Weiss, Ron and Dubourg, Vincent and others},
  journal={the Journal of machine Learning research},
  volume={12},
  pages={2825--2830},
  year={2011},
  publisher={JMLR. org}
}

@inproceedings{Prechelt1998,
  author       = {Prechelt, Lutz},
  title        = {Early stopping—but when?},
  booktitle    = {Neural Networks: Tricks of the Trade},
  publisher    = {Springer},
  pages        = {55--69},
  year         = {1998}
}

@article{Goodfellow2016,
  title={Deep learning},
  author={Goodfellow, Ian and Bengio, Yoshua and Courville, Aaron and Bengio, Yoshua},
  volume={1},
  number={2},
  year={2016},
  publisher={MIT press Cambridge}
}

@article{Rousseeuw1993,
  title={Alternatives to the median absolute deviation},
  author={Rousseeuw, Peter J and Croux, Christophe},
  journal={Journal of the American Statistical association},
  volume={88},
  number={424},
  pages={1273--1283},
  year={1993},
  publisher={Taylor \& Francis}
}

//
@article{Baltrusaitis2018,
  author       = {Baltrusaitis, Tadas and Ahuja, Chaitanya and Morency, Louis-Philippe},
  title        = {Multimodal Machine Learning: A Survey and Taxonomy},
  journal      = {IEEE Transactions on Pattern Analysis and Machine Intelligence},
  volume       = {41},
  number       = {2},
  pages        = {423--443},
  year         = {2018}
}

@article{Smith2017,
  author       = {Smith, Leslie N.},
  title        = {Cyclical learning rates for training neural networks},
  journal      = {2017 IEEE Winter Conference on Applications of Computer Vision (WACV)},
  pages        = {464--472},
  year         = {2017}
}

@article{Friedman2001,
  author       = {Friedman, Jerome},
  title        = {Greedy function approximation: A gradient boosting machine},
  journal      = {Annals of Statistics},
  volume       = {29},
  number       = {5},
  pages        = {1189--1232},
  year         = {2001}
}

@article{Virtanen2020,
  author       = {Virtanen, Pauli and others},
  title        = {SciPy 1.0: Fundamental algorithms for scientific computing in Python},
  journal      = {Nature Methods},
  volume       = {17},
  pages        = {261--272},
  year         = {2020}
}

@misc{data_exploring,
  author       = {Farukh Rustamov},
  title        = {Jupyter Notebook: «data_exploring»},
  howpublished = {\url{https://gitlab.fit.cvut.cz/rustafar/astronomical_data_ml/-/blob/main/SDSS/data_exploring.ipynb}},
  month = {4},
  year = {2025},
  note = "[Online; accessed 2025-04-22]"
}

@misc{scene,
  author       = {Farukh Rustamov},
  title        = {Jupyter Notebook: «scene»},
  howpublished = {\url{https://gitlab.fit.cvut.cz/rustafar/astronomical_data_ml/-/blob/main/Scene/scene.ipynb}},
  month = {4},
  year = {2025},
  note = "[Online; accessed 2025-04-22]"
}
/////
@article{krizhevsky2012imagenet,
  title={Imagenet classification with deep convolutional neural networks},
  author={Krizhevsky, Alex and Sutskever, Ilya and Hinton, Geoffrey E},
  journal={Advances in neural information processing systems},
  volume={25},
  year={2012}
}
@article{pedregosa2011scikit,
  title={Scikit-learn: Machine learning in Python},
  author={Pedregosa, Fabian and Varoquaux, Ga{\"e}l and Gramfort, Alexandre and Michel, Vincent and Thirion, Bertrand and Grisel, Olivier and Blondel, Mathieu and Prettenhofer, Peter and Weiss, Ron and Dubourg, Vincent and others},
  journal={the Journal of machine Learning research},
  volume={12},
  pages={2825--2830},
  year={2011},
  publisher={JMLR. org}
}
@book{ivezic2020statistics,
  title={Statistics, data mining, and machine learning in astronomy: a practical Python guide for the analysis of survey data},
  author={Ivezi{\'c}, {\v{Z}}eljko and Connolly, Andrew J and VanderPlas, Jacob T and Gray, Alexander},
  volume={8},
  year={2020},
  publisher={Princeton University Press}
}
@inproceedings{dietterich2000ensemble,
  title={Ensemble methods in machine learning},
  author={Dietterich, Thomas G},
  booktitle={International workshop on multiple classifier systems},
  pages={1--15},
  year={2000},
  organization={Springer}
}

@article{srivastava2014dropout,
  title={Dropout: a simple way to prevent neural networks from overfitting},
  author={Srivastava, Nitish and Hinton, Geoffrey and Krizhevsky, Alex and Sutskever, Ilya and Salakhutdinov, Ruslan},
  journal={The journal of machine learning research},
  volume={15},
  number={1},
  pages={1929--1958},
  year={2014},
  publisher={JMLR. org}
}
@article{zhao2024deep,
  title={Deep multimodal data fusion},
  author={Zhao, Fei and Zhang, Chengcui and Geng, Baocheng},
  journal={ACM computing surveys},
  volume={56},
  number={9},
  pages={1--36},
  year={2024},
  publisher={ACM New York, NY}
}
@article{dieleman2015rotation,
  title={Rotation-invariant convolutional neural networks for galaxy morphology prediction},
  author={Dieleman, Sander and Willett, Kyle W and Dambre, Joni},
  journal={Monthly notices of the royal astronomical society},
  volume={450},
  number={2},
  pages={1441--1459},
  year={2015},
  publisher={Oxford University Press}
}


@article{sezgin2004survey,
  title={Survey over image thresholding techniques and quantitative performance evaluation},
  author={Sezgin, Mehmet and Sankur, Bu{\"{}} lent},
  journal={Journal of Electronic imaging},
  volume={13},
  number={1},
  pages={146--168},
  year={2004},
  publisher={Society of Photo-Optical Instrumentation Engineers}
}




}

